@techreport{belloni2015program,
  title={Program evaluation with high-dimensional data},
  author={Belloni, Alexandre and Chernozhukov, Victor and Fern{\'a}ndez-Val, Ivan and Hansen, Christian},
  year={2015},
  institution={cemmap working paper}
}
@article{ishwaran2005spike,
  title={Spike and slab variable selection: frequentist and Bayesian strategies},
  author={Ishwaran, Hemant and Rao, J Sunil},
  journal={The Annals of Statistics},
  volume={33},
  number={2},
  pages={730--773},
  year={2005},
  publisher={Institute of Mathematical Statistics}
}

@article{andrade2020disjunct,
  title={Disjunct support spike-and-slab priors for variable selection in regression under quasi-sparseness},
  author={Andrade, Daniel and Fukumizu, Kenji},
  journal={Stat},
  volume={9},
  number={1},
  pages={e307},
  year={2020},
  publisher={Wiley Online Library}
}